02RETORNO01COBRANCA       34584003002128180515FUNDACAO DOIS DE JULHO        001BANCO DO BRASIL1904100001985                      000001943800112340                                                                                                                                                                                                                                                       000001
1000000000000000034584003002128180515                         18051500017X70000005   019000000 0000000000 1705190410          18051500017X70000005000000000000000015434140780002004100000450000000000000000000000000000000000000000000000000000000000000000000000000000100000000000000000000000000000000000000000000000000035010000000000000          0000000000000000000000000000000000000000000000000010000002
9201001          000000000000000000000000000972          000000000000000000000000000000          000000000000000000000000000000          000000000000000000000000000000                                                  000000000000000000000000000000                                                                                                                                                   000003
