02RETORNO01COBRANCA       34584003002128180515FUNDACAO DOIS DE JULHO        001BANCO DO BRASIL2004100001986                      000001944800112340                                                                                                                                                                                                                                                       000001
1000000000000000034584003002128180515                         18051500018870000005   019000000 0000000000 1705200410          18051500018870000005000000000000000010023730720002204100000450000000000000000000000000000000000000000000000000000000000000000000000000000100000000000000000000000000000000000000000000000000035010000000000000          0000000000000000000000000000000000000000000000000010000002
9201001          000000000000000000000000000973          000000000000000000000000000000          000000000000000000000000000000          000000000000000000000000000000                                                  000000000000000000000000000000                                                                                                                                                   000003
