00100000         2214080340001900023567640014       0030850000000233072 ITAJUBA CARTORIO DO 2 OFICIO NBANCO DO BRASIL                         21502201201404800003603000000902138161PROCESSAMEN                                                 
00100011T0100020 20214080340001900023567640014       0030850000000233072 ITAJUBA CARTORIO DO 2 OFICIO N                                                                                000000001502201200000000  000000000                      
0010001300001T 060030850000000233072 23567642012000002   1               00000000000000000056314756056910                         0900000000000000000000000000000000000000000000000000000   000000000000000000000025000        180192356764     
0010001300002U 060000000000000000000000000000000000000000000000000000000000000000000000563140000000000560640000000000000000000000000000001502201217022012            000000000000000                              000                           
0010001300003T 060030850000000233072 23567642012000008   1               00000000000000000024927237012750                         0900000000000000000000000000000000000000000000000000000   000000000000000000000025000        180192356764     
0010001300004U 060000000000000000000000000000000000000000000000000000000000000000000000249270000000000246770000000000000000000000000000001502201217022012            000000000000000                              000                           
0010001300005T 060030850000000233072 23567642012000009   1               00000000000000000001353341086630                         0900000000000000000000000000000000000000000000000000000   000000000000000000000025000        180192356764     
0010001300006U 060000000000000000000000000000000000000000000000000000000000000000000000013530000000000011030000000000000000000000000000001502201217022012            000000000000000                              000                           
0010001300007T 060030850000000233072 23567642012000039   1               00000000000000000000451341086630                         0900000000000000000000000000000000000000000000000000000   000000000000000000000025000        180192356764     
0010001300008U 060000000000000000000000000000000000000000000000000000000000000000000000004510000000000002010000000000000000000000000000001502201217022012            000000000000000                              000                           
00100015         000010000000000000000000000000000000000000000000000000000000000000000000000000000000000000000000000000000000000000000000000000000                                                                                              
00199999         000001000012000000                                                                                                                                                            00000000000000000000000000000                    
