02RETORNO01COBRANCA       34584003002128180515FUNDACAO DOIS DE JULHO        001BANCO DO BRASIL0505100001996                      000001954800112340                                                                                                                                                                                                                                                       000001
1000000000000000034584003002128180515                         18051500034X70000005   019000000 0000000000 1705050510          18051500034X70000005000000000000000250010400610000605100000450000000000000000000000000000000000000000000000000000000000000000000000000002500000000000000000000000000000000000000000000000000205020000000000000          0000000000000000000000000000000000000000000000000010000002
1000000000000000034584003002128180515                         18051500037470000005   019000000 0000000000 1705050510          18051500037470000005000000000000000250035602410000605100000450000000000000000000000000000000000000000000000000000000000000000000000000002500000000000000000000000000000000000000000000000000205020000000000000          0000000000000000000000000000000000000000000000000010000003
1000000000000000034584003002128180515                         18051500038270000005   019000000 0000000000 1705050510          18051500038270000005000000000000000250035616740000605100000450000000000000000000000000000000000000000000000000000000000000000000000000002500000000000000000000000000000000000000000000000000205020000000000000          0000000000000000000000000000000000000000000000000010000004
9201001          000000000000000000000000000977          000000000000000000000000000000          000000000000000000000000000000          000000000000000000000000000000                                                  000000000000000000000000000000                                                                                                                                                   000005
