02RETORNO01COBRANCA       34584003002128180515FACULDADE TESTE               001BANCO DO BRASIL0809050000857                                                                                                                                                                                                                                                                                               000001
1000000000000000034584003002128180515050001545105100605       18051511267970009090AI 019000000 0000000000 1709080905123456789018051511267970009090100605000000003520000116020120000000000445000000000000000000000000000000000000000000000000000000000000000000000000000000000000000000000000000000000000000000000000000000000000000000000000          0000000000000000000000000000000000000000000000000000000002
1000000000000000034584003002128180515050001585105100605       18051511275X70009090AI 019000000 0000000000 1709080905123456789018051511275X70009090100605000000003333000116020120000000000445000000000000000000000000000000000000000000000000000000000000000000000000000000000000000000000000000000000000000000000000000000000000000000000000          0000000000000000000000000000000000000000000000000000000003
9201001          000005750000002124451100000582          000000000000000000000000000000          000000000000000000000000000000          000000000000000000000000000000                                                  000000000000000000000000000000                                                                                                                                                   000004
