02RETORNO01COBRANCA       22926000058548000000PREFEITURA MUNICIPAL DE SAO MI001BANCO DO BRASIL0205110000019                                          2250771                                                                                                                                                                                                                                              000001
70000000000000000229260000585482250771                         2250771000000193110000001   01900000000000 1806020511                              000000000000000800000113811000405110000500000000000000000000000000000000000000000000000000000000000000000000000000008000000000000000000000000000000000000000000000000000750020000000000000          0000000000000000000000000000000000000000000000000001000002
70000000000000000229260000585482250771                         2250771000000193210000001   01900000000000 1806020511                              000000000000000800010418310000405110000500000000000000000000000000000000000000000000000000000000000000000000000000008000000000000000000000000000000000000000000000000000750020000000000000          0000000000000000000000000000000000000000000000000010000003
70000000000000000229260000585482250771                         2250771000000193410000001   01900000000000 1806020511                              000000000000000500000141270000405110000500000000000000000000000000000000000000000000000000000000000000000000000000005000000000000000000000000000000000000000000000000000450020000000000000          0000000000000000000000000000000000000000000000000001000004
70000000000000000229260000585482250771                         2250771000000193710000001   01900000000000 1806020511                              000000000000000800010427550000405110000500000000000000000000000000000000000000000000000000000000000000000000000000008000000000000000000000000000000000000000000000000000750020000000000000          0000000000000000000000000000000000000000000000000010000005
70000000000000000229260000585482250771                         2250771000000194010000001   01900000000000 1806020511                              000000000000000800010427550000405110000500000000000000000000000000000000000000000000000000000000000000000000000000008000000000000000000000000000000000000000000000000000750020000000000000          0000000000000000000000000000000000000000000000000010000006
70000000000000000229260000585482250771                         2250771000000194210000001   01900000000000 1806020511                              000000000000000800000141270000405110000500000000000000000000000000000000000000000000000000000000000000000000000000008000000000000000000000000000000000000000000000000000750020000000000000          0000000000000000000000000000000000000000000000000001000007
70000000000000000229260000585482250771                         2250771000000194710000001   01900000000000 1806020511                              000000000000000800010427550000405110000500000000000000000000000000000000000000000000000000000000000000000000000000008000000000000000000000000000000000000000000000000000750020000000000000          0000000000000000000000000000000000000000000000000010000008
70000000000000000229260000585482250771                         2250771000000194810000001   01900000000000 1806020511                              000000000000000800000114060000405110000500000000000000000000000000000000000000000000000000000000000000000000000000008000000000000000000000000000000000000000000000000000750020000000000000          0000000000000000000000000000000000000000000000000001000009
70000000000000000229260000585482250771                         2250771000000194910000001   01900000000000 1806020511                              000000000000000800000114060000405110000500000000000000000000000000000000000000000000000000000000000000000000000000008000000000000000000000000000000000000000000000000000750020000000000000          0000000000000000000000000000000000000000000000000001000010
70000000000000000229260000585482250771                         2250771000000195410000001   01900000000000 1806020511                              000000000000000800010418250000405110000500000000000000000000000000000000000000000000000000000000000000000000000000008000000000000000000000000000000000000000000000000000750020000000000000          0000000000000000000000000000000000000000000000000010000011
70000000000000000229260000585482250771                         2250771000000195710000001   01900000000000 1806020511                              000000000000000800000111797000405110000500000000000000000000000000000000000000000000000000000000000000000000000000008000000000000000000000000000000000000000000000000000750020000000000000          0000000000000000000000000000000000000000000000000001000012
70000000000000000229260000585482250771                         2250771000000197410000001   01900000000000 1806020511                              000000000000000500023720970000405110000500000000000000000000000000000000000000000000000000000000000000000000000000005000000000000000000000000000000000000000000000000000450020000000000000          0000000000000000000000000000000000000000000000000010000013
70000000000000000229260000585482250771                         2250771000000198010000001   01900000000000 1806020511                              000000000000000800010427550000405110000500000000000000000000000000000000000000000000000000000000000000000000000000008000000000000000000000000000000000000000000000000000750020000000000000          0000000000000000000000000000000000000000000000000010000014
70000000000000000229260000585482250771                         2250771000000198410000001   01900000000000 1806020511                              000000000000000500010427550000405110000500000000000000000000000000000000000000000000000000000000000000000000000000005000000000000000000000000000000000000000000000000000450020000000000000          0000000000000000000000000000000000000000000000000010000015
70000000000000000229260000585482250771                         2250771000000198610000001   01900000000000 1806020511                              000000000000000400023710830000405110000500000000000000000000000000000000000000000000000000000000000000000000000000004000000000000000000000000000000000000000000000000000350020000000000000          0000000000000000000000000000000000000000000000000010000016
70000000000000000229260000585482250771                         2250771000000199310000001   01900000000000 1806020511                              000000000000000500000140037000405110000500000000000000000000000000000000000000000000000000000000000000000000000000005000000000000000000000000000000000000000000000000000450020000000000000          0000000000000000000000000000000000000000000000000008000017
70000000000000000229260000585482250771                         2250771000000199810000001   01900000000000 1806020511                              000000000000000500010427550000405110000500000000000000000000000000000000000000000000000000000000000000000000000000005000000000000000000000000000000000000000000000000000450020000000000000          0000000000000000000000000000000000000000000000000010000018
70000000000000000229260000585482250771                         2250771000000200010000001   01900000000000 1806020511                              00000000000000080000012290X000405110000500000000000000000000000000000000000000000000000000000000000000000000000000008000000000000000000000000000000000000000000000000000750020000000000000          0000000000000000000000000000000000000000000000000002000019
70000000000000000229260000585482250771                         2250771000000200410000001   01900000000000 1806020511                              000000000000000400000122926000405110000500000000000000000000000000000000000000000000000000000000000000000000000000004000000000000000000000000000000000000000000000000000350020000000000000          0000000000000000000000000000000000000000000000000008000020
70000000000000000229260000585482250771                         2250771000000201710000001   01900000000000 1806020511                              000000000000000500010427550000405110000500000000000000000000000000000000000000000000000000000000000000000000000000005000000000000000000000000000000000000000000000000000450020000000000000          0000000000000000000000000000000000000000000000000010000021
70000000000000000229260000585482250771                         2250771000000201810000001   01900000000000 1806020511                              000000000000000800000140053000405110000500000000000000000000000000000000000000000000000000000000000000000000000000008000000000000000000000000000000000000000000000000000750020000000000000          0000000000000000000000000000000000000000000000000001000022
70000000000000000229260000585482250771                         2250771000000202810000001   01900000000000 1806020511                              000000000000000400010427550000405110000500000000000000000000000000000000000000000000000000000000000000000000000000004000000000000000000000000000000000000000000000000000350020000000000000          0000000000000000000000000000000000000000000000000010000023
70000000000000000229260000585482250771                         2250771000000203710000001   01900000000000 1806020511                              000000000000000400010427550000405110000500000000000000000000000000000000000000000000000000000000000000000000000000004000000000000000000000000000000000000000000000000000350020000000000000          0000000000000000000000000000000000000000000000000010000024
70000000000000000229260000585482250771                         2250771000000204010000001   01900000000000 1806020511                              000000000000000500010418240000405110000500000000000000000000000000000000000000000000000000000000000000000000000000005000000000000000000000000000000000000000000000000000450020000000000000          0000000000000000000000000000000000000000000000000010000025
70000000000000000229260000585482250771                         2250771000000204410000001   01900000000000 1806020511                              000000000000000500000122926000405110000500000000000000000000000000000000000000000000000000000000000000000000000000005000000000000000000000000000000000000000000000000000450020000000000000          0000000000000000000000000000000000000000000000000001000026
70000000000000000229260000585482250771                         2250771000000204610000001   01900000000000 1806020511                              000000000000000400010427550000405110000500000000000000000000000000000000000000000000000000000000000000000000000000004000000000000000000000000000000000000000000000000000350020000000000000          0000000000000000000000000000000000000000000000000010000027
70000000000000000229260000585482250771                         2250771000000205210000001   01900000000000 1806020511                              000000000000000800023707340000405110000500000000000000000000000000000000000000000000000000000000000000000000000000008000000000000000000000000000000000000000000000000000750020000000000000          0000000000000000000000000000000000000000000000000010000028
70000000000000000229260000585482250771                         2250771000000207410000001   01900000000000 1806020511                              000000000000000400000122926000405110000500000000000000000000000000000000000000000000000000000000000000000000000000004000000000000000000000000000000000000000000000000000350020000000000000          0000000000000000000000000000000000000000000000000008000029
70000000000000000229260000585482250771                         2250771000000207510000001   01900000000000 1806020511                              000000000000000400010427550000405110000500000000000000000000000000000000000000000000000000000000000000000000000000004000000000000000000000000000000000000000000000000000350020000000000000          0000000000000000000000000000000000000000000000000010000030
70000000000000000229260000585482250771                         2250771000000207610000001   01900000000000 1806020511                              000000000000000800000122926000405110000500000000000000000000000000000000000000000000000000000000000000000000000000008000000000000000000000000000000000000000000000000000750020000000000000          0000000000000000000000000000000000000000000000000008000031
70000000000000000229260000585482250771                         2250771000000207810000001   01900000000000 1806020511                              000000000000000800000101023000405110000500000000000000000000000000000000000000000000000000000000000000000000000000008000000000000000000000000000000000000000000000000000750020000000000000          0000000000000000000000000000000000000000000000000001000032
70000000000000000229260000585482250771                         2250771000000207910000001   01900000000000 1806020511                              000000000000000400010427550000405110000500000000000000000000000000000000000000000000000000000000000000000000000000004000000000000000000000000000000000000000000000000000350020000000000000          0000000000000000000000000000000000000000000000000010000033
70000000000000000229260000585482250771                         2250771000000208810000001   01900000000000 1806020511                              000000000000000800010406320000405110000500000000000000000000000000000000000000000000000000000000000000000000000000008000000000000000000000000000000000000000000000000000750020000000000000          0000000000000000000000000000000000000000000000000010000034
70000000000000000229260000585482250771                         2250771000000210310000001   01900000000000 1806020511                              000000000000000500023704830000405110000500000000000000000000000000000000000000000000000000000000000000000000000000005000000000000000000000000000000000000000000000000000450020000000000000          0000000000000000000000000000000000000000000000000010000035
70000000000000000229260000585482250771                         2250771000000211510000001   01900000000000 1806020511                              000000000000000800010427550000405110000500000000000000000000000000000000000000000000000000000000000000000000000000008000000000000000000000000000000000000000000000000000750020000000000000          0000000000000000000000000000000000000000000000000010000036
70000000000000000229260000585482250771                         2250771000000212610000001   01900000000000 1806020511                              000000000000000800000122926000405110000500000000000000000000000000000000000000000000000000000000000000000000000000008000000000000000000000000000000000000000000000000000750020000000000000          0000000000000000000000000000000000000000000000000001000037
70000000000000000229260000585482250771                         2250771000000213010000001   01900000000000 1806020511                              000000000000000500023704570000405110000500000000000000000000000000000000000000000000000000000000000000000000000000005000000000000000000000000000000000000000000000000000450020000000000000          0000000000000000000000000000000000000000000000000010000038
70000000000000000229260000585482250771                         2250771000000213410000001   01900000000000 1806020511                              000000000000000500000122926000405110000500000000000000000000000000000000000000000000000000000000000000000000000000005000000000000000000000000000000000000000000000000000450020000000000000          0000000000000000000000000000000000000000000000000008000039
70000000000000000229260000585482250771                         2250771000000213810000001   01900000000000 1806020511                              00000000000000080000011401X000405110000500000000000000000000000000000000000000000000000000000000000000000000000000008000000000000000000000000000000000000000000000000000750020000000000000          0000000000000000000000000000000000000000000000000002000040
70000000000000000229260000585482250771                         2250771000000214510000001   01900000000000 1806020511                              000000000000000800023720970000405110000500000000000000000000000000000000000000000000000000000000000000000000000000008000000000000000000000000000000000000000000000000000750020000000000000          0000000000000000000000000000000000000000000000000010000041
70000000000000000229260000585482250771                         2250771000000214610000001   01900000000000 1806020511                              000000000000000800000101023000405110000500000000000000000000000000000000000000000000000000000000000000000000000000008000000000000000000000000000000000000000000000000000750020000000000000          0000000000000000000000000000000000000000000000000008000042
70000000000000000229260000585482250771                         2250771000000215110000001   01900000000000 1806020511                              000000000000000500000122926000405110000500000000000000000000000000000000000000000000000000000000000000000000000000005000000000000000000000000000000000000000000000000000450020000000000000          0000000000000000000000000000000000000000000000000008000043
70000000000000000229260000585482250771                         2250771000000215210000001   01900000000000 1806020511                              000000000000000500000122926000405110000500000000000000000000000000000000000000000000000000000000000000000000000000005000000000000000000000000000000000000000000000000000450020000000000000          0000000000000000000000000000000000000000000000000001000044
70000000000000000229260000585482250771                         2250771000000215510000001   01900000000000 1806020511                              000000000000000400010418240000405110000500000000000000000000000000000000000000000000000000000000000000000000000000004000000000000000000000000000000000000000000000000000350020000000000000          0000000000000000000000000000000000000000000000000010000045
70000000000000000229260000585482250771                         2250771000000216110000001   01900000000000 1806020511                              000000000000000800023704830000405110000500000000000000000000000000000000000000000000000000000000000000000000000000008000000000000000000000000000000000000000000000000000750020000000000000          0000000000000000000000000000000000000000000000000010000046
70000000000000000229260000585482250771                         2250771000000216810000001   01900000000000 1806020511                              000000000000000800023714860000405110000500000000000000000000000000000000000000000000000000000000000000000000000000008000000000000000000000000000000000000000000000000000750020000000000000          0000000000000000000000000000000000000000000000000010000047
70000000000000000229260000585482250771                         2250771000000216910000001   01900000000000 1806020511                              000000000000000800000122926000405110000500000000000000000000000000000000000000000000000000000000000000000000000000008000000000000000000000000000000000000000000000000000750020000000000000          0000000000000000000000000000000000000000000000000001000048
70000000000000000229260000585482250771                         2250771000000218010000001   01900000000000 1806020511                              000000000000000800000122926000405110000500000000000000000000000000000000000000000000000000000000000000000000000000008000000000000000000000000000000000000000000000000000750020000000000000          0000000000000000000000000000000000000000000000000008000049
70000000000000000229260000585482250771                         2250771000000218610000001   01900000000000 1806020511                              000000000000000400000122926000405110000500000000000000000000000000000000000000000000000000000000000000000000000000004000000000000000000000000000000000000000000000000000350020000000000000          0000000000000000000000000000000000000000000000000008000050
70000000000000000229260000585482250771                         2250771000000218810000001   01900000000000 1806020511                              000000000000000400000141254000405110000500000000000000000000000000000000000000000000000000000000000000000000000000004000000000000000000000000000000000000000000000000000350020000000000000          0000000000000000000000000000000000000000000000000001000051
70000000000000000229260000585482250771                         2250771000000218910000001   01900000000000 1806020511                              000000000000000800010418310000405110000500000000000000000000000000000000000000000000000000000000000000000000000000008000000000000000000000000000000000000000000000000000750020000000000000          0000000000000000000000000000000000000000000000000010000052
70000000000000000229260000585482250771                         2250771000000219210000001   01900000000000 1806020511                              000000000000000500000141254000405110000500000000000000000000000000000000000000000000000000000000000000000000000000005000000000000000000000000000000000000000000000000000450020000000000000          0000000000000000000000000000000000000000000000000001000053
70000000000000000229260000585482250771                         2250771000000220210000001   01900000000000 1806020511                              000000000000000500000122926000405110000500000000000000000000000000000000000000000000000000000000000000000000000000005000000000000000000000000000000000000000000000000000450020000000000000          0000000000000000000000000000000000000000000000000008000054
70000000000000000229260000585482250771                         2250771000000220910000001   01900000000000 1806020511                              000000000000000800000140002000405110000500000000000000000000000000000000000000000000000000000000000000000000000000008000000000000000000000000000000000000000000000000000750020000000000000          0000000000000000000000000000000000000000000000000001000055
70000000000000000229260000585482250771                         2250771000000221310000001   01900000000000 1806020511                              000000000000000500010427550000405110000500000000000000000000000000000000000000000000000000000000000000000000000000005000000000000000000000000000000000000000000000000000450020000000000000          0000000000000000000000000000000000000000000000000010000056
70000000000000000229260000585482250771                         2250771000000221410000001   01900000000000 1806020511                              000000000000000800010418230000405110000500000000000000000000000000000000000000000000000000000000000000000000000000008000000000000000000000000000000000000000000000000000750020000000000000          0000000000000000000000000000000000000000000000000010000057
70000000000000000229260000585482250771                         2250771000000221510000001   01900000000000 1806020511                              000000000000000800010418230000405110000500000000000000000000000000000000000000000000000000000000000000000000000000008000000000000000000000000000000000000000000000000000750020000000000000          0000000000000000000000000000000000000000000000000010000058
70000000000000000229260000585482250771                         2250771000000221610000001   01900000000000 1806020511                              000000000000000800010427550000405110000500000000000000000000000000000000000000000000000000000000000000000000000000008000000000000000000000000000000000000000000000000000750020000000000000          0000000000000000000000000000000000000000000000000010000059
70000000000000000229260000585482250771                         2250771000000221710000001   01900000000000 1806020511                              000000000000000500000140037000405110000500000000000000000000000000000000000000000000000000000000000000000000000000005000000000000000000000000000000000000000000000000000450020000000000000          0000000000000000000000000000000000000000000000000008000060
70000000000000000229260000585482250771                         2250771000000222310000001   01900000000000 1806020511                              000000000000000800010427550000405110000500000000000000000000000000000000000000000000000000000000000000000000000000008000000000000000000000000000000000000000000000000000750020000000000000          0000000000000000000000000000000000000000000000000010000061
70000000000000000229260000585482250771                         2250771000000222710000001   01900000000000 1806020511                              000000000000000400010427550000405110000500000000000000000000000000000000000000000000000000000000000000000000000000004000000000000000000000000000000000000000000000000000350020000000000000          0000000000000000000000000000000000000000000000000010000062
70000000000000000229260000585482250771                         2250771000000222810000001   01900000000000 1806020511                              000000000000000400023704570000405110000500000000000000000000000000000000000000000000000000000000000000000000000000004000000000000000000000000000000000000000000000000000350020000000000000          0000000000000000000000000000000000000000000000000010000063
70000000000000000229260000585482250771                         2250771000000223010000001   01900000000000 1806020511                              000000000000000400010418240000405110000500000000000000000000000000000000000000000000000000000000000000000000000000004000000000000000000000000000000000000000000000000000350020000000000000          0000000000000000000000000000000000000000000000000010000064
70000000000000000229260000585482250771                         2250771000000223710000001   01900000000000 1806020511                              000000000000000400000122926000405110000500000000000000000000000000000000000000000000000000000000000000000000000000004000000000000000000000000000000000000000000000000000350020000000000000          0000000000000000000000000000000000000000000000000001000065
70000000000000000229260000585482250771                         2250771000000223810000001   01900000000000 1806020511                              000000000000000400000122926000405110000500000000000000000000000000000000000000000000000000000000000000000000000000004000000000000000000000000000000000000000000000000000350020000000000000          0000000000000000000000000000000000000000000000000001000066
70000000000000000229260000585482250771                         2250771000000224010000001   01900000000000 1806020511                              000000000000000800010418240000405110000500000000000000000000000000000000000000000000000000000000000000000000000000008000000000000000000000000000000000000000000000000000750020000000000000          0000000000000000000000000000000000000000000000000010000067
70000000000000000229260000585482250771                         2250771000000224110000001   01900000000000 1806020511                              000000000000000800023710830000405110000500000000000000000000000000000000000000000000000000000000000000000000000000008000000000000000000000000000000000000000000000000000750020000000000000          0000000000000000000000000000000000000000000000000010000068
70000000000000000229260000585482250771                         2250771000000224510000001   01900000000000 1806020511                              000000000000000800000111827000405110000500000000000000000000000000000000000000000000000000000000000000000000000000008000000000000000000000000000000000000000000000000000750020000000000000          0000000000000000000000000000000000000000000000000008000069
70000000000000000229260000585482250771                         2250771000000224610000001   01900000000000 1806020511                              000000000000000500010418310000405110000500000000000000000000000000000000000000000000000000000000000000000000000000005000000000000000000000000000000000000000000000000000450020000000000000          0000000000000000000000000000000000000000000000000010000070
70000000000000000229260000585482250771                         2250771000000226210000001   01900000000000 1806020511                              000000000000000500010427550000405110000500000000000000000000000000000000000000000000000000000000000000000000000000005000000000000000000000000000000000000000000000000000450020000000000000          0000000000000000000000000000000000000000000000000010000071
70000000000000000229260000585482250771                         2250771000000226610000001   01900000000000 1806020511                              000000000000000400010427550000405110000500000000000000000000000000000000000000000000000000000000000000000000000000004000000000000000000000000000000000000000000000000000350020000000000000          0000000000000000000000000000000000000000000000000010000072
70000000000000000229260000585482250771                         2250771000000226710000001   01900000000000 1806020511                              000000000000000400010427550000405110000500000000000000000000000000000000000000000000000000000000000000000000000000004000000000000000000000000000000000000000000000000000350020000000000000          0000000000000000000000000000000000000000000000000010000073
70000000000000000229260000585482250771                         2250771000000226810000001   01900000000000 1806020511                              000000000000000400010427550000405110000500000000000000000000000000000000000000000000000000000000000000000000000000004000000000000000000000000000000000000000000000000000350020000000000000          0000000000000000000000000000000000000000000000000010000074
70000000000000000229260000585482250771                         2250771000000226910000001   01900000000000 1806020511                              000000000000000400010418240000405110000500000000000000000000000000000000000000000000000000000000000000000000000000004000000000000000000000000000000000000000000000000000350020000000000000          0000000000000000000000000000000000000000000000000010000075
70000000000000000229260000585482250771                         2250771000000227010000001   01900000000000 1806020511                              000000000000000400010418240000405110000500000000000000000000000000000000000000000000000000000000000000000000000000004000000000000000000000000000000000000000000000000000350020000000000000          0000000000000000000000000000000000000000000000000010000076
70000000000000000229260000585482250771                         2250771000000227110000001   01900000000000 1806020511                              000000000000000800000114060000405110000500000000000000000000000000000000000000000000000000000000000000000000000000008000000000000000000000000000000000000000000000000000750020000000000000          0000000000000000000000000000000000000000000000000001000077
70000000000000000229260000585482250771                         2250771000000227810000001   01900000000000 1806020511                              000000000000000400010427550000405110000500000000000000000000000000000000000000000000000000000000000000000000000000004000000000000000000000000000000000000000000000000000350020000000000000          0000000000000000000000000000000000000000000000000010000078
70000000000000000229260000585482250771                         2250771000000228110000001   01900000000000 1806020511                              000000000000000500010427550000405110000500000000000000000000000000000000000000000000000000000000000000000000000000005000000000000000000000000000000000000000000000000000450020000000000000          0000000000000000000000000000000000000000000000000010000079
70000000000000000229260000585482250771                         2250771000000228410000001   01900000000000 1806020511                              000000000000000800000122926000405110000500000000000000000000000000000000000000000000000000000000000000000000000000008000000000000000000000000000000000000000000000000000750020000000000000          0000000000000000000000000000000000000000000000000008000080
70000000000000000229260000585482250771                         2250771000000229210000001   01900000000000 1806020511                              000000000000000400010427550000405110000500000000000000000000000000000000000000000000000000000000000000000000000000004000000000000000000000000000000000000000000000000000350020000000000000          0000000000000000000000000000000000000000000000000010000081
70000000000000000229260000585482250771                         2250771000000229810000001   01900000000000 1806020511                              000000000000000800000114052000405110000500000000000000000000000000000000000000000000000000000000000000000000000000008000000000000000000000000000000000000000000000000000750020000000000000          0000000000000000000000000000000000000000000000000002000082
70000000000000000229260000585482250771                         2250771000000230010000001   01900000000000 1806020511                              000000000000000500000122926000405110000500000000000000000000000000000000000000000000000000000000000000000000000000005000000000000000000000000000000000000000000000000000450020000000000000          0000000000000000000000000000000000000000000000000008000083
70000000000000000229260000585482250771                         2250771000000230110000001   01900000000000 1806020511                              000000000000000400000122926000405110000500000000000000000000000000000000000000000000000000000000000000000000000000004000000000000000000000000000000000000000000000000000350020000000000000          0000000000000000000000000000000000000000000000000008000084
70000000000000000229260000585482250771                         2250771000000230410000001   01900000000000 1806020511                              000000000000000400010427550000405110000500000000000000000000000000000000000000000000000000000000000000000000000000004000000000000000000000000000000000000000000000000000350020000000000000          0000000000000000000000000000000000000000000000000010000085
70000000000000000229260000585482250771                         2250771000000230710000001   01900000000000 1806020511                              000000000000000400000122926000405110000500000000000000000000000000000000000000000000000000000000000000000000000000004000000000000000000000000000000000000000000000000000350020000000000000          0000000000000000000000000000000000000000000000000008000086
70000000000000000229260000585482250771                         2250771000000230910000001   01900000000000 1806020511                              000000000000000500010427550000405110000500000000000000000000000000000000000000000000000000000000000000000000000000005000000000000000000000000000000000000000000000000000450020000000000000          0000000000000000000000000000000000000000000000000010000087
70000000000000000229260000585482250771                         2250771000000231010000001   01900000000000 1806020511                              000000000000000500010427550000405110000500000000000000000000000000000000000000000000000000000000000000000000000000005000000000000000000000000000000000000000000000000000450020000000000000          0000000000000000000000000000000000000000000000000010000088
70000000000000000229260000585482250771                         2250771000000231110000001   01900000000000 1806020511                              000000000000000500023720970000405110000500000000000000000000000000000000000000000000000000000000000000000000000000005000000000000000000000000000000000000000000000000000450020000000000000          0000000000000000000000000000000000000000000000000010000089
70000000000000000229260000585482250771                         2250771000000231210000001   01900000000000 1806020511                              000000000000000500000111797000405110000500000000000000000000000000000000000000000000000000000000000000000000000000005000000000000000000000000000000000000000000000000000450020000000000000          0000000000000000000000000000000000000000000000000001000090
70000000000000000229260000585482250771                         2250771000000231310000001   01900000000000 1806020511                              000000000000000500010427550000405110000500000000000000000000000000000000000000000000000000000000000000000000000000005000000000000000000000000000000000000000000000000000450020000000000000          0000000000000000000000000000000000000000000000000010000091
70000000000000000229260000585482250771                         2250771000000231410000001   01900000000000 1806020511                              000000000000000500023720970000405110000500000000000000000000000000000000000000000000000000000000000000000000000000005000000000000000000000000000000000000000000000000000450020000000000000          0000000000000000000000000000000000000000000000000010000092
70000000000000000229260000585482250771                         2250771000000231510000001   01900000000000 1806020511                              000000000000000400023704570000405110000500000000000000000000000000000000000000000000000000000000000000000000000000004000000000000000000000000000000000000000000000000000350020000000000000          0000000000000000000000000000000000000000000000000010000093
70000000000000000229260000585482250771                         2250771000000231710000001   01900000000000 1806020511                              000000000000000500010418250000405110000500000000000000000000000000000000000000000000000000000000000000000000000000005000000000000000000000000000000000000000000000000000450020000000000000          0000000000000000000000000000000000000000000000000010000094
70000000000000000229260000585482250771                         2250771000000231810000001   01900000000000 1806020511                              000000000000000400010418240000405110000500000000000000000000000000000000000000000000000000000000000000000000000000004000000000000000000000000000000000000000000000000000350020000000000000          0000000000000000000000000000000000000000000000000010000095
70000000000000000229260000585482250771                         2250771000000232010000001   01900000000000 1806020511                              000000000000000500000141270000405110000500000000000000000000000000000000000000000000000000000000000000000000000000005000000000000000000000000000000000000000000000000000450020000000000000          0000000000000000000000000000000000000000000000000001000096
70000000000000000229260000585482250771                         2250771000000232210000001   01900000000000 1806020511                              000000000000000400010427550000405110000500000000000000000000000000000000000000000000000000000000000000000000000000004000000000000000000000000000000000000000000000000000350020000000000000          0000000000000000000000000000000000000000000000000010000097
70000000000000000229260000585482250771                         2250771000000232310000001   01900000000000 1806020511                              000000000000000800000121849000405110000500000000000000000000000000000000000000000000000000000000000000000000000000008000000000000000000000000000000000000000000000000000750020000000000000          0000000000000000000000000000000000000000000000000001000098
70000000000000000229260000585482250771                         2250771000000232410000001   01900000000000 1806020511                              000000000000000400023721670000405110000500000000000000000000000000000000000000000000000000000000000000000000000000004000000000000000000000000000000000000000000000000000350020000000000000          0000000000000000000000000000000000000000000000000010000099
70000000000000000229260000585482250771                         2250771000000232510000001   01900000000000 1806020511                              000000000000000400000122926000405110000500000000000000000000000000000000000000000000000000000000000000000000000000004000000000000000000000000000000000000000000000000000350020000000000000          0000000000000000000000000000000000000000000000000008000100
70000000000000000229260000585482250771                         2250771000000232610000001   01900000000000 1806020511                              000000000000000800000122926000405110000500000000000000000000000000000000000000000000000000000000000000000000000000008000000000000000000000000000000000000000000000000000750020000000000000          0000000000000000000000000000000000000000000000000008000101
70000000000000000229260000585482250771                         2250771000000232710000001   01900000000000 1806020511                              000000000000000500000122926000405110000500000000000000000000000000000000000000000000000000000000000000000000000000005000000000000000000000000000000000000000000000000000450020000000000000          0000000000000000000000000000000000000000000000000002000102
70000000000000000229260000585482250771                         2250771000000232810000001   01900000000000 1806020511                              000000000000000800000140053000405110000500000000000000000000000000000000000000000000000000000000000000000000000000008000000000000000000000000000000000000000000000000000750020000000000000          0000000000000000000000000000000000000000000000000001000103
70000000000000000229260000585482250771                         2250771000000233010000001   01900000000000 1806020511                              000000000000000500010427550000405110000500000000000000000000000000000000000000000000000000000000000000000000000000005000000000000000000000000000000000000000000000000000450020000000000000          0000000000000000000000000000000000000000000000000010000104
70000000000000000229260000585482250771                         2250771000000233110000001   01900000000000 1806020511                              000000000000000400000122926000405110000500000000000000000000000000000000000000000000000000000000000000000000000000004000000000000000000000000000000000000000000000000000350020000000000000          0000000000000000000000000000000000000000000000000001000105
70000000000000000229260000585482250771                         2250771000000233210000001   01900000000000 1806020511                              000000000000000500000122926000405110000500000000000000000000000000000000000000000000000000000000000000000000000000005000000000000000000000000000000000000000000000000000450020000000000000          0000000000000000000000000000000000000000000000000008000106
70000000000000000229260000585482250771                         2250771000000233310000001   01900000000000 1806020511                              000000000000000500010427550000405110000500000000000000000000000000000000000000000000000000000000000000000000000000005000000000000000000000000000000000000000000000000000450020000000000000          0000000000000000000000000000000000000000000000000010000107
70000000000000000229260000585482250771                         2250771000000233410000001   01900000000000 1806020511                              000000000000000400000122926000405110000500000000000000000000000000000000000000000000000000000000000000000000000000004000000000000000000000000000000000000000000000000000350020000000000000          0000000000000000000000000000000000000000000000000008000108
70000000000000000229260000585482250771                         2250771000000233610000001   01900000000000 1806020511                              000000000000000400000122926000405110000500000000000000000000000000000000000000000000000000000000000000000000000000004000000000000000000000000000000000000000000000000000350020000000000000          0000000000000000000000000000000000000000000000000008000109
70000000000000000229260000585482250771                         2250771000000233710000001   01900000000000 1806020511                              000000000000000400000122926000405110000500000000000000000000000000000000000000000000000000000000000000000000000000004000000000000000000000000000000000000000000000000000350020000000000000          0000000000000000000000000000000000000000000000000008000110
70000000000000000229260000585482250771                         2250771000000233910000001   01900000000000 1806020511                              000000000000000400010427550000405110000500000000000000000000000000000000000000000000000000000000000000000000000000004000000000000000000000000000000000000000000000000000350020000000000000          0000000000000000000000000000000000000000000000000010000111
70000000000000000229260000585482250771                         2250771000000234010000001   01900000000000 1806020511                              000000000000000500010427550000405110000500000000000000000000000000000000000000000000000000000000000000000000000000005000000000000000000000000000000000000000000000000000450020000000000000          0000000000000000000000000000000000000000000000000010000112
70000000000000000229260000585482250771                         2250771000000234210000001   01900000000000 1806020511                              000000000000000500010427550000405110000500000000000000000000000000000000000000000000000000000000000000000000000000005000000000000000000000000000000000000000000000000000450020000000000000          0000000000000000000000000000000000000000000000000010000113
70000000000000000229260000585482250771                         2250771000000234310000001   01900000000000 1806020511                              000000000000000400000122926000405110000500000000000000000000000000000000000000000000000000000000000000000000000000004000000000000000000000000000000000000000000000000000350020000000000000          0000000000000000000000000000000000000000000000000008000114
70000000000000000229260000585482250771                         2250771000000234410000001   01900000000000 1806020511                              000000000000000500000141254000405110000500000000000000000000000000000000000000000000000000000000000000000000000000005000000000000000000000000000000000000000000000000000450020000000000000          0000000000000000000000000000000000000000000000000001000115
70000000000000000229260000585482250771                         2250771000000234510000001   01900000000000 1806020511                              000000000000000400010418240000405110000500000000000000000000000000000000000000000000000000000000000000000000000000004000000000000000000000000000000000000000000000000000350020000000000000          0000000000000000000000000000000000000000000000000010000116
70000000000000000229260000585482250771                         2250771000000234610000001   01900000000000 1806020511                              000000000000000400000122926000405110000500000000000000000000000000000000000000000000000000000000000000000000000000004000000000000000000000000000000000000000000000000000350020000000000000          0000000000000000000000000000000000000000000000000008000117
70000000000000000229260000585482250771                         2250771000000234810000001   01900000000000 1806020511                              000000000000000500000122926000405110000500000000000000000000000000000000000000000000000000000000000000000000000000005000000000000000000000000000000000000000000000000000450020000000000000          0000000000000000000000000000000000000000000000000008000118
70000000000000000229260000585482250771                         2250771000000234910000001   01900000000000 1806020511                              000000000000000500010427550000405110000500000000000000000000000000000000000000000000000000000000000000000000000000005000000000000000000000000000000000000000000000000000450020000000000000          0000000000000000000000000000000000000000000000000010000119
70000000000000000229260000585482250771                         2250771000000235010000001   01900000000000 1806020511                              000000000000000800000122926000405110000500000000000000000000000000000000000000000000000000000000000000000000000000008000000000000000000000000000000000000000000000000000750020000000000000          0000000000000000000000000000000000000000000000000008000120
70000000000000000229260000585482250771                         2250771000000235110000001   01900000000000 1806020511                              000000000000000500010427550000405110000500000000000000000000000000000000000000000000000000000000000000000000000000005000000000000000000000000000000000000000000000000000450020000000000000          0000000000000000000000000000000000000000000000000010000121
70000000000000000229260000585482250771                         2250771000000235210000001   01900000000000 1806020511                              000000000000000500000121849000405110000500000000000000000000000000000000000000000000000000000000000000000000000000005000000000000000000000000000000000000000000000000000450020000000000000          0000000000000000000000000000000000000000000000000001000122
70000000000000000229260000585482250771                         2250771000000235410000001   01900000000000 1806020511                              000000000000000400000122926000405110000500000000000000000000000000000000000000000000000000000000000000000000000000004000000000000000000000000000000000000000000000000000350020000000000000          0000000000000000000000000000000000000000000000000008000123
70000000000000000229260000585482250771                         2250771000000235510000001   01900000000000 1806020511                              000000000000000800000103905000405110000500000000000000000000000000000000000000000000000000000000000000000000000000008000000000000000000000000000000000000000000000000000750020000000000000          0000000000000000000000000000000000000000000000000001000124
70000000000000000229260000585482250771                         2250771000000235710000001   01900000000000 1806020511                              000000000000000400000122926000405110000500000000000000000000000000000000000000000000000000000000000000000000000000004000000000000000000000000000000000000000000000000000350020000000000000          0000000000000000000000000000000000000000000000000008000125
70000000000000000229260000585482250771                         2250771000000235910000001   01900000000000 1806020511                              000000000000000400010427550000405110000500000000000000000000000000000000000000000000000000000000000000000000000000004000000000000000000000000000000000000000000000000000350020000000000000          0000000000000000000000000000000000000000000000000010000126
70000000000000000229260000585482250771                         2250771000000236010000001   01900000000000 1806020511                              000000000000000400010427550000405110000500000000000000000000000000000000000000000000000000000000000000000000000000004000000000000000000000000000000000000000000000000000350020000000000000          0000000000000000000000000000000000000000000000000010000127
70000000000000000229260000585482250771                         2250771000000236110000001   01900000000000 1806020511                              000000000000000400000122926000405110000500000000000000000000000000000000000000000000000000000000000000000000000000004000000000000000000000000000000000000000000000000000350020000000000000          0000000000000000000000000000000000000000000000000008000128
70000000000000000229260000585482250771                         2250771000000236210000001   01900000000000 1806020511                              000000000000000500010427550000405110000500000000000000000000000000000000000000000000000000000000000000000000000000005000000000000000000000000000000000000000000000000000450020000000000000          0000000000000000000000000000000000000000000000000010000129
70000000000000000229260000585482250771                         2250771000000236310000001   01900000000000 1806020511                              000000000000000500010427550000405110000500000000000000000000000000000000000000000000000000000000000000000000000000005000000000000000000000000000000000000000000000000000450020000000000000          0000000000000000000000000000000000000000000000000010000130
70000000000000000229260000585482250771                         2250771000000236410000001   01900000000000 1806020511                              000000000000000400000122926000405110000500000000000000000000000000000000000000000000000000000000000000000000000000004000000000000000000000000000000000000000000000000000350020000000000000          0000000000000000000000000000000000000000000000000008000131
70000000000000000229260000585482250771                         2250771000000236510000001   01900000000000 1806020511                              000000000000000500000122926000405110000500000000000000000000000000000000000000000000000000000000000000000000000000005000000000000000000000000000000000000000000000000000450020000000000000          0000000000000000000000000000000000000000000000000008000132
70000000000000000229260000585482250771                         2250771000000236610000001   01900000000000 1806020511                              000000000000000800000140061000405110000500000000000000000000000000000000000000000000000000000000000000000000000000008000000000000000000000000000000000000000000000000000750020000000000000          0000000000000000000000000000000000000000000000000001000133
70000000000000000229260000585482250771                         2250771000000236710000001   01900000000000 1806020511                              000000000000000400000122926000405110000500000000000000000000000000000000000000000000000000000000000000000000000000004000000000000000000000000000000000000000000000000000350020000000000000          0000000000000000000000000000000000000000000000000008000134
70000000000000000229260000585482250771                         2250771000000236810000001   01900000000000 1806020511                              000000000000000800075632710000405110000500000000000000000000000000000000000000000000000000000000000000000000000000008000000000000000000000000000000000000000000000000000750020000000000000          0000000000000000000000000000000000000000000000000010000135
70000000000000000229260000585482250771                         2250771000000236910000001   01900000000000 1806020511                              000000000000000500000122926000405110000500000000000000000000000000000000000000000000000000000000000000000000000000005000000000000000000000000000000000000000000000000000450020000000000000          0000000000000000000000000000000000000000000000000008000136
70000000000000000229260000585482250771                         2250771000000237010000001   01900000000000 1806020511                              000000000000000400000101023000405110000500000000000000000000000000000000000000000000000000000000000000000000000000004000000000000000000000000000000000000000000000000000350020000000000000          0000000000000000000000000000000000000000000000000008000137
70000000000000000229260000585482250771                         2250771000000237110000001   01900000000000 1806020511                              000000000000000400000122926000405110000500000000000000000000000000000000000000000000000000000000000000000000000000004000000000000000000000000000000000000000000000000000350020000000000000          0000000000000000000000000000000000000000000000000008000138
70000000000000000229260000585482250771                         2250771000000237210000001   01900000000000 1806020511                              000000000000000400000122926000405110000500000000000000000000000000000000000000000000000000000000000000000000000000004000000000000000000000000000000000000000000000000000350020000000000000          0000000000000000000000000000000000000000000000000008000139
70000000000000000229260000585482250771                         2250771000000237310000001   01900000000000 1806020511                              000000000000000400000122926000405110000500000000000000000000000000000000000000000000000000000000000000000000000000004000000000000000000000000000000000000000000000000000350020000000000000          0000000000000000000000000000000000000000000000000008000140
70000000000000000229260000585482250771                         2250771000000237410000001   01900000000000 1806020511                              000000000000000400010427550000405110000500000000000000000000000000000000000000000000000000000000000000000000000000004000000000000000000000000000000000000000000000000000350020000000000000          0000000000000000000000000000000000000000000000000010000141
70000000000000000229260000585482250771                         2250771000000237510000001   01900000000000 1806020511                              000000000000000400000122926000405110000500000000000000000000000000000000000000000000000000000000000000000000000000004000000000000000000000000000000000000000000000000000350020000000000000          0000000000000000000000000000000000000000000000000008000142
70000000000000000229260000585482250771                         2250771000000237610000001   01900000000000 1806020511                              000000000000000400000122926000405110000500000000000000000000000000000000000000000000000000000000000000000000000000004000000000000000000000000000000000000000000000000000350020000000000000          0000000000000000000000000000000000000000000000000008000143
70000000000000000229260000585482250771                         2250771000000237710000001   01900000000000 1806020511                              000000000000000500000122926000405110000500000000000000000000000000000000000000000000000000000000000000000000000000005000000000000000000000000000000000000000000000000000450020000000000000          0000000000000000000000000000000000000000000000000008000144
70000000000000000229260000585482250771                         2250771000000237810000001   01900000000000 1806020511                              000000000000000400010427550000405110000500000000000000000000000000000000000000000000000000000000000000000000000000004000000000000000000000000000000000000000000000000000350020000000000000          0000000000000000000000000000000000000000000000000010000145
70000000000000000229260000585482250771                         2250771000000237910000001   01900000000000 1806020511                              000000000000000400000122926000405110000500000000000000000000000000000000000000000000000000000000000000000000000000004000000000000000000000000000000000000000000000000000350020000000000000          0000000000000000000000000000000000000000000000000008000146
70000000000000000229260000585482250771                         2250771000000238010000001   01900000000000 1806020511                              000000000000000500010427550000405110000500000000000000000000000000000000000000000000000000000000000000000000000000005000000000000000000000000000000000000000000000000000450020000000000000          0000000000000000000000000000000000000000000000000010000147
70000000000000000229260000585482250771                         2250771000000238210000001   01900000000000 1806020511                              000000000000000500010427550000405110000500000000000000000000000000000000000000000000000000000000000000000000000000005000000000000000000000000000000000000000000000000000450020000000000000          0000000000000000000000000000000000000000000000000010000148
70000000000000000229260000585482250771                         2250771000000238410000001   01900000000000 1806020511                              000000000000000500010427550000405110000500000000000000000000000000000000000000000000000000000000000000000000000000005000000000000000000000000000000000000000000000000000450020000000000000          0000000000000000000000000000000000000000000000000010000149
70000000000000000229260000585482250771                         2250771000000239110000001   01900000000000 1806020511                              000000000000000800023720970000405110000500000000000000000000000000000000000000000000000000000000000000000000000000008000000000000000000000000000000000000000000000000000750020000000000000          0000000000000000000000000000000000000000000000000010000150
70000000000000000229260000585482250771                         2250771000000239310000001   01900000000000 1806020511                              000000000000000400000122926000405110000500000000000000000000000000000000000000000000000000000000000000000000000000004000000000000000000000000000000000000000000000000000350020000000000000          0000000000000000000000000000000000000000000000000008000151
70000000000000000229260000585482250771                         2250771000000239410000001   01900000000000 1806020511                              000000000000000400010427550000405110000500000000000000000000000000000000000000000000000000000000000000000000000000004000000000000000000000000000000000000000000000000000350020000000000000          0000000000000000000000000000000000000000000000000010000152
70000000000000000229260000585482250771                         2250771000000239510000001   01900000000000 1806020511                              000000000000000400010427550000405110000500000000000000000000000000000000000000000000000000000000000000000000000000004000000000000000000000000000000000000000000000000000350020000000000000          0000000000000000000000000000000000000000000000000010000153
70000000000000000229260000585482250771                         2250771000000239710000001   01900000000000 1806020511                              000000000000000800023704570000405110000500000000000000000000000000000000000000000000000000000000000000000000000000008000000000000000000000000000000000000000000000000000750020000000000000          0000000000000000000000000000000000000000000000000010000154
70000000000000000229260000585482250771                         2250771000000239810000001   01900000000000 1806020511                              000000000000000500000122926000405110000500000000000000000000000000000000000000000000000000000000000000000000000000005000000000000000000000000000000000000000000000000000450020000000000000          0000000000000000000000000000000000000000000000000008000155
70000000000000000229260000585482250771                         2250771000000239910000001   01900000000000 1806020511                              000000000000000500010427550000405110000500000000000000000000000000000000000000000000000000000000000000000000000000005000000000000000000000000000000000000000000000000000450020000000000000          0000000000000000000000000000000000000000000000000010000156
70000000000000000229260000585482250771                         2250771000000240010000001   01900000000000 1806020511                              000000000000000400010427550000405110000500000000000000000000000000000000000000000000000000000000000000000000000000004000000000000000000000000000000000000000000000000000350020000000000000          0000000000000000000000000000000000000000000000000010000157
70000000000000000229260000585482250771                         2250771000000240110000001   01900000000000 1806020511                              000000000000000400010427550000405110000500000000000000000000000000000000000000000000000000000000000000000000000000004000000000000000000000000000000000000000000000000000350020000000000000          0000000000000000000000000000000000000000000000000010000158
70000000000000000229260000585482250771                         2250771000000240210000001   01900000000000 1806020511                              000000000000000400010427550000405110000500000000000000000000000000000000000000000000000000000000000000000000000000004000000000000000000000000000000000000000000000000000350020000000000000          0000000000000000000000000000000000000000000000000010000159
70000000000000000229260000585482250771                         2250771000000240410000001   01900000000000 1806020511                              000000000000000400010427550000405110000500000000000000000000000000000000000000000000000000000000000000000000000000004000000000000000000000000000000000000000000000000000350020000000000000          0000000000000000000000000000000000000000000000000010000160
70000000000000000229260000585482250771                         2250771000000240510000001   01900000000000 1806020511                              000000000000000500010427550000405110000500000000000000000000000000000000000000000000000000000000000000000000000000005000000000000000000000000000000000000000000000000000450020000000000000          0000000000000000000000000000000000000000000000000010000161
70000000000000000229260000585482250771                         2250771000000240710000001   01900000000000 1806020511                              000000000000000500010418310000405110000500000000000000000000000000000000000000000000000000000000000000000000000000005000000000000000000000000000000000000000000000000000450020000000000000          0000000000000000000000000000000000000000000000000010000162
70000000000000000229260000585482250771                         2250771000000240810000001   01900000000000 1806020511                              000000000000000800000122233000405110000500000000000000000000000000000000000000000000000000000000000000000000000000008000000000000000000000000000000000000000000000000000750020000000000000          0000000000000000000000000000000000000000000000000001000163
70000000000000000229260000585482250771                         2250771000000240910000001   01900000000000 1806020511                              000000000000000500000141270000405110000500000000000000000000000000000000000000000000000000000000000000000000000000005000000000000000000000000000000000000000000000000000450020000000000000          0000000000000000000000000000000000000000000000000001000164
70000000000000000229260000585482250771                         2250771000000241010000001   01900000000000 1806020511                              000000000000000500010427550000405110000500000000000000000000000000000000000000000000000000000000000000000000000000005000000000000000000000000000000000000000000000000000450020000000000000          0000000000000000000000000000000000000000000000000010000165
70000000000000000229260000585482250771                         2250771000000241110000001   01900000000000 1806020511                              000000000000000800000111797000405110000500000000000000000000000000000000000000000000000000000000000000000000000000008000000000000000000000000000000000000000000000000000750020000000000000          0000000000000000000000000000000000000000000000000001000166
9201001          000000000000000000000000000000          000000000000000000000000000000          000000000000000000000000000000          000000000000000000000000000000                                                  000000000000000000000000000000                                                                                                                                                   000167
